<?xml version="1.0" encoding="UTF-8"?><record xmlns="http://www.loc.gov/MARC21/slim" xmlns:cinclude="http://apache.org/cocoon/include/1.0" xmlns:zs="http://www.loc.gov/zing/srw/">
  <leader>00351nz  a2200133n  4500</leader>
  <controlfield tag="001">n  85182541 </controlfield>
  <controlfield tag="003">DLC</controlfield>
  <controlfield tag="005">19851218102253.6</controlfield>
  <controlfield tag="008">851210n| acannaab|          |a aaa |||  </controlfield>
  <datafield tag="010" ind1=" " ind2=" ">
    <subfield code="a">n  85182541 </subfield>
  </datafield>
  <datafield tag="040" ind1=" " ind2=" ">
    <subfield code="a">DLC</subfield>
    <subfield code="c">DLC</subfield>
    <subfield code="d">DLC</subfield>
  </datafield>
  <datafield tag="100" ind1="1" ind2="0">
    <subfield code="a">Wasiutyn휍혖ski, Zbigniew.</subfield>
    <subfield code="t">Works.</subfield>
    <subfield code="f">1977</subfield>
  </datafield>
  <datafield tag="400" ind1="1" ind2="0">
    <subfield code="a">Wasiutyn휍혖ski, Zbigniew.</subfield>
    <subfield code="t">Pisma.</subfield>
    <subfield code="f">1977</subfield>
  </datafield>
  <datafield tag="670" ind1=" " ind2=" ">
    <subfield code="a">His Pisma, 1977-</subfield>
  </datafield>
</record>